@article{takeishi2004,
  author =       "Takeishi, Kenzo; Sugishima, Koudai; Sasaki, Kaori; Tanaka, Ken",
  title  =       "Rhodium-catalyzed intramolecular hydroacylation of 5- and 6-alkynals: Convenient synthesis of $\alpha$-alkylidenecycloalkanones and cycloalkenones",
  journal =      "Chemistry - A European Journal",
  volume =       "10",
  issue =        "22",
  pages =        "5681--5688",
  year =         "2004",
  DOI = "http://dx.doi.org/10.1002/chem.200400679"
}

@article{rosamilia2006,
  author = "Rosamilia, Anthony E.; Giarusso, Marilena A.; Scott, Janet L.; Strauss, Christopher R.",
  title = "A direct, efficient synthesis of unsymmetrically substituted bis(arylidene)alkanones",
  journal = "Green Chemistry",
  volume = "8",
  issue = "12",
  pages = "1042-1050",
  year = "2006",
  DOI = "http://dx.doi.org/10.1039/b606042k"
}

@article{vatsadze2005,
  author = "Vatsadze, S.Z.; Sviridenkova, N.V.; Manaenkova, M.A.; Semashko, V.S.; Zyk, N.V.",
  title = "Synthesis of unsymmetrical dienones with heteroatomic substituents",
  journal = "Russian Chemical Bulletin",
  volume = "54",
  issue = "9",
  pages = "224-2225",
  year = "2005",
  DOI =  "http://dx.doi.org/10.1007/s11172-006-0101-x"
}

@article{dimmock2002,
  author =       "Dimmock J.R. \textit{et al.}",
  title =        "Cytotoxic 1,4-bis(2-oxo-1-cycloalkylmethylene)benzenes and related compounds",
  journal =      "European Journal of Medicinal Chemistry",
  volume =       "37",
  issue =        "1",
  pages =        "35--44",
  year =         "2002",
}
